<record><leader>00000cas a22000007a 4500</leader><controlfield tag="001">10923441</controlfield><controlfield tag="008">840706d19691969nyuwr ne      0    0eng d</controlfield><controlfield tag="009">148</controlfield><datafield ind1=" " ind2=" " tag="010"><subfield code="a">sn 84031459 </subfield></datafield><datafield ind1=" " ind2=" " tag="040"><subfield code="a">NYG</subfield><subfield code="b">eng</subfield><subfield code="c">NYG</subfield><subfield code="d">NYS</subfield><subfield code="d">OCLCQ</subfield></datafield><datafield ind1="1" ind2=" " tag="029"><subfield code="a">AU@</subfield><subfield code="b">000020474586</subfield></datafield><datafield ind1=" " ind2=" " tag="042"><subfield code="a">msc</subfield></datafield><datafield ind1="0" ind2=" " tag="130"><subfield code="a">Greenwich journal (Greenwich, N.Y. : 1969)</subfield></datafield><datafield ind1="0" ind2="4" tag="245"><subfield code="a">The Greenwich journal.</subfield></datafield><datafield ind1=" " ind2=" " tag="260"><subfield code="a">Greenwich, N.Y. :</subfield><subfield code="b">[Tefft Publishers Inc.],</subfield><subfield code="c">1969.</subfield></datafield><datafield ind1=" " ind2=" " tag="300"><subfield code="a">1 v. :</subfield><subfield code="b">ill.</subfield></datafield><datafield ind1=" " ind2=" " tag="310"><subfield code="a">Weekly</subfield></datafield><datafield ind1="0" ind2=" " tag="362"><subfield code="a">Vol. 128, no. 11 (Dec. 4, 1969).</subfield></datafield><datafield ind1=" " ind2=" " tag="500"><subfield code="a">Published on Thursday.</subfield></datafield><datafield ind1=" " ind2=" " tag="500"><subfield code="a">Editor: J[ane]. W. Tefft.</subfield></datafield><datafield ind1=" " ind2="4" tag="651"><subfield code="a">Greenwich (N.Y.)</subfield><subfield code="v">Newspapers.</subfield></datafield><datafield ind1=" " ind2=" " tag="752"><subfield code="a">United States</subfield><subfield code="b">New York</subfield><subfield code="c">Washington</subfield><subfield code="d">Greenwich.</subfield></datafield><datafield ind1="0" ind2="0" tag="780"><subfield code="t">Greenwich journal and Fort Edward advertiser</subfield><subfield code="w">(DLC)sn 84031458</subfield></datafield><datafield ind1="0" ind2="7" tag="785"><subfield code="t">Salem press (Salem, N.Y. : 1909)</subfield><subfield code="w">(DLC)sn 87070284</subfield></datafield><datafield ind1="0" ind2="7" tag="785"><subfield code="t">Greenwich journal and Salem press</subfield><subfield code="w">(DLC)sn 84031460</subfield></datafield></record>